<?xml version="1.0" encoding="utf-8"?>
<record xmlns="http://www.loc.gov/MARC21/slim" xmlns:xsi="http://www.w3.org/2001/XMLSchema-instance" xsi:schemaLocation="http://www.loc.gov/MARC21/slim http://www.loc.gov/standards/marcxml/schema/MARC21slim.xsd">
	<leader>     nam a22        4500</leader>
	<controlfield tag="001">b12371841</controlfield>
	<controlfield tag="003">LeBAU</controlfield>
	<controlfield tag="006">m        d        </controlfield>
	<controlfield tag="007">cr cn |||m|||a</controlfield>
	<controlfield tag="008">170926s1912    ua      o     ||0 0 ara d</controlfield>
	<datafield ind1=" " ind2=" " tag="040">
		<subfield code="a">NNU</subfield>
		<subfield code="b">ara</subfield>
		<subfield code="e">rda</subfield>
		<subfield code="c">NNU</subfield>
	</datafield>
	<datafield ind1="0" ind2="4" tag="082">
		<subfield code="a">297.207</subfield>
		<subfield code="2">20</subfield>
	</datafield>
	<datafield ind1="1" ind2=" " tag="100">
		<subfield code="6">880-01</subfield>
		<subfield code="a">Ibn al-ʻArabī, Muḥammad ibn ʻAbd Allāh,</subfield>
		<subfield code="d">1076-1148,</subfield>
		<subfield code="e">author.</subfield>
	</datafield>
	<datafield ind1="1" ind2="0" tag="245">
		<subfield code="6">880-02</subfield>
		<subfield code="a">Kitāb aḥkām al-Qurʼān /</subfield>
		<subfield code="c">taṣnīf al-imām al-ḥāfiẓ al-qāḍī Abī Bakr Muḥammad ibn ʻAbd Allāh ibn Muḥammad ibn ʻAbd Allāh ibn Aḥmad al-ma‘rūf bi-Ibn al-ʻArabī al-Maʻāfirī al-Andalusī al-Ishbīlī al-Mālikī, khitām ‘ulamā’ al-Andalus wa-ākhir a’immatihā al-mawlūd sanat 468 al-mutawaffá sanat 542 hijrīyah.</subfield>
	</datafield>
	<datafield ind1="3" ind2="0" tag="246">
		<subfield code="6">880-03</subfield>
		<subfield code="a">Aḥkām al-Qurʼān</subfield>
	</datafield>
	<datafield ind1=" " ind2=" " tag="250">
		<subfield code="6">880-04</subfield>
		<subfield code="a">al-Ṭab‘ah al-ūlá.</subfield>
	</datafield>
	<datafield ind1=" " ind2="1" tag="264">
		<subfield code="6">880-05</subfield>
		<subfield code="a">Miṣr :</subfield>
		<subfield code="b">Maṭbaʻat al-Saʻādah,</subfield>
		<subfield code="c">1331 H., [1912? M.]</subfield>
	</datafield>
	<datafield ind1=" " ind2=" " tag="300">
		<subfield code="6">880-06</subfield>
		<subfield code="a">online resource (2 volumes)</subfield>
	</datafield>
	<datafield ind1=" " ind2=" " tag="336">
		<subfield code="a">text</subfield>
		<subfield code="2">rdacontent</subfield>
	</datafield>
	<datafield ind1=" " ind2=" " tag="337">
		<subfield code="a">computer</subfield>
		<subfield code="2">rdamedia</subfield>
	</datafield>
	<datafield ind1=" " ind2=" " tag="338">
		<subfield code="a">online resource</subfield>
		<subfield code="2">rdacarrier</subfield>
	</datafield>
	<datafield ind1=" " ind2=" " tag="500">
		<subfield code="a">&quot;طبع هذا الكتاب على نفقة سلطان المغرب الأقصى سابقاً إمام زمانه وفريد عصره وأوانه قدوة الأمراء وحجة العلماء العلامة المحقق والملاذ الأكبر المدقق فرع الشجرة النبوية وخلاصة السلالة الطاهرة العلوية سيدنا ومولانا عبد الحفيظ إبن السلطان مولاي الحسن بن السلطان سيدي محمد.&quot;</subfield>
	</datafield>
	<datafield ind1=" " ind2=" " tag="500">
		<subfield code="a">Part of the Arabic Collections Online (ACO) project, contributed by American University of Beirut's Jafet Memorial Library.</subfield>
	</datafield>
	<datafield ind1=" " ind2=" " tag="533">
		<subfield code="a">Electronic reproduction.</subfield>
		<subfield code="b">New York, N.Y. :</subfield>
		<subfield code="c">New York University,</subfield>
		<subfield code="d">2017.</subfield>
		<subfield code="5">NNU</subfield>
	</datafield>
	<datafield ind1="0" ind2="4" tag="630">
		<subfield code="a">قرآن</subfield>
		<subfield code="x">تفسير وتأويل</subfield>
		<subfield code="v">اعمال قديمة حتى 1800.</subfield>
	</datafield>
	<datafield ind1="0" ind2="0" tag="630">
		<subfield code="a">Qur'an</subfield>
		<subfield code="x">Hermeneutics</subfield>
		<subfield code="v">Early works to 1800.</subfield>
	</datafield>
	<datafield ind1=" " ind2="4" tag="650">
		<subfield code="a">الفقه الاسلامي</subfield>
		<subfield code="v">اعمال قديمة حتى 1800.</subfield>
	</datafield>
	<datafield ind1=" " ind2="0" tag="650">
		<subfield code="a">Islamic law</subfield>
		<subfield code="v">Early works to 1800.</subfield>
	</datafield>
	<datafield ind1="2" ind2=" " tag="710">
		<subfield code="a">Jafet Memorial Library.</subfield>
	</datafield>
	<datafield ind1="0" ind2=" " tag="730">
		<subfield code="a">Arabic Collections Online.</subfield>
	</datafield>
	<datafield ind1="0" ind2="8" tag="776">
		<subfield code="i">Print version:</subfield>
		<subfield code="a">Ibn al-ʻArabī, Muḥammad ibn ʻAbd Allāh, 1076-1148, author.</subfield>
		<subfield code="t">Kitāb aḥkām al-Qurʼān</subfield>
		<subfield code="w">(LeBAU)b12371841</subfield>
	</datafield>
	<datafield ind1=" " ind2=" " tag="856">
		<subfield code="6">WWW</subfield>
		<subfield code="a">1</subfield>
		<subfield code="b">T</subfield>
		<subfield code="d">A</subfield>
		<subfield code="e">20090312</subfield>
		<subfield code="g">WWW Page</subfield>
		<subfield code="q">T</subfield>
		<subfield code="u">https://ezproxy.aub.edu.lb/login?url=http://feqh.al-islam.com/BookHier.asp?DocID=17</subfield>
		<subfield code="w">285586</subfield>
		<subfield code="z">اضغط على الرابط للوصول الى النسخة الالكترونية</subfield>
	</datafield>
	<datafield ind1="4" ind2="0" tag="856">
		<subfield code="u">http://hdl.handle.net/2333.1/kprr53s9</subfield>
	</datafield>
	<datafield ind1="1" ind2=" " tag="880">
		<subfield code="6">100-01/(3/r</subfield>
		<subfield code="a">ابن العربي، محمد بن عبد الله،</subfield>
		<subfield code="d">1076-1148،</subfield>
		<subfield code="e">مؤلف. </subfield>
		<subfield code="4">aut.</subfield>
	</datafield>
	<datafield ind1="1" ind2="0" tag="880">
		<subfield code="6">245-02/(3/r</subfield>
		<subfield code="a">كتاب أحكام القرآن /</subfield>
		<subfield code="c">تصنيف الإمام الحافظ القاضي أبي بكر محمد بن عبد الله بن محمد بن عبد الله بن أحمد المعروف بإبن العربي المعافري الأندلسي الإشبيلي المالكي ختام، علماء الأندلس وآخر أئمتها المولود سنة 468 المتوفى سنة 542 هجرية.</subfield>
	</datafield>
	<datafield ind1="3" ind2="0" tag="880">
		<subfield code="6">246-03/(3/r</subfield>
		<subfield code="a">أحكام القرآن</subfield>
	</datafield>
	<datafield ind1=" " ind2=" " tag="880">
		<subfield code="6">250-04/(3/r</subfield>
		<subfield code="a">الطبعة الأولى.</subfield>
	</datafield>
	<datafield ind1=" " ind2="1" tag="880">
		<subfield code="6">264-05/(3/r</subfield>
		<subfield code="a">مصر :</subfield>
		<subfield code="b">مطبعة السعادة،</subfield>
		<subfield code="c">1331 هـ.، [1912؟ م.]</subfield>
	</datafield>
	<datafield ind1=" " ind2=" " tag="880">
		<subfield code="6">300-06/(3/r</subfield>
		<subfield code="a">2 جزء ؛</subfield>
		<subfield code="c">28 سم</subfield>
	</datafield>
	<datafield ind1=" " ind2=" " tag="959">
		<subfield code="a">NNU</subfield>
		<subfield code="b">WEB</subfield>
		<subfield code="c">GENI</subfield>
		<subfield code="t">0</subfield>
		<subfield code="m">Electronic access</subfield>
		<subfield code="s">01</subfield>
	</datafield>
	<datafield ind1=" " ind2=" " tag="999">
		<subfield code="i">LeBAU_b12371841</subfield>
		<subfield code="s">aub_aco001331:v.1</subfield>
		<subfield code="s">aub_aco001332:v.2</subfield>
		<subfield code="e">(ERROR-MISC)</subfield>
	</datafield>
</record>
